<record><leader>00000cas a22000007a 4500</leader><controlfield tag="001">11804873</controlfield><controlfield tag="008">850314d18601860mnudn ne      0    0eng d</controlfield><datafield ind1=" " ind2=" " tag="010"><subfield code="a">sn 85025595 </subfield></datafield><datafield ind1=" " ind2=" " tag="040"><subfield code="a">NPX</subfield><subfield code="b">eng</subfield><subfield code="c">NPX</subfield><subfield code="d">MN#</subfield><subfield code="d">OCLCQ</subfield><subfield code="d">IUL</subfield><subfield code="d">OCLCF</subfield></datafield><datafield ind1=" " ind2=" " tag="042"><subfield code="a">msc</subfield></datafield><datafield ind1=" " ind2=" " tag="043"><subfield code="a">n-us-mn</subfield></datafield><datafield ind1=" " ind2=" " tag="052"><subfield code="a">4144</subfield><subfield code="b">S4</subfield></datafield><datafield ind1="0" ind2="0" tag="245"><subfield code="a">Daily Minnesotian and times.</subfield></datafield><datafield ind1="1" ind2="3" tag="246"><subfield code="a">Minnesotian and times</subfield></datafield><datafield ind1=" " ind2=" " tag="260"><subfield code="a">St. Paul, Minn. :</subfield><subfield code="b">Newson, Moore &amp; Foster &amp; Co.</subfield></datafield><datafield ind1=" " ind2=" " tag="300"><subfield code="a">v.</subfield></datafield><datafield ind1=" " ind2=" " tag="310"><subfield code="a">Daily (except Mon.)</subfield></datafield><datafield ind1="1" ind2=" " tag="362"><subfield code="a">Began in Jan. 1860; ceased with June 17, 1860 issue.</subfield></datafield><datafield ind1=" " ind2=" " tag="588"><subfield code="a">Description based on: New ser., v. 1, no. 20 (Jan. 6, 1860).</subfield></datafield><datafield ind1=" " ind2="0" tag="651"><subfield code="a">Saint Paul (Minn.)</subfield><subfield code="v">Newspapers.</subfield></datafield><datafield ind1=" " ind2="0" tag="651"><subfield code="a">Ramsey County (Minn.)</subfield><subfield code="v">Newspapers.</subfield></datafield><datafield ind1=" " ind2="7" tag="651"><subfield code="a">Minnesota</subfield><subfield code="z">Ramsey County.</subfield><subfield code="2">fast</subfield><subfield code="0">(OCoLC)fst01213443</subfield></datafield><datafield ind1=" " ind2="7" tag="651"><subfield code="a">Minnesota</subfield><subfield code="z">Saint Paul.</subfield><subfield code="2">fast</subfield><subfield code="0">(OCoLC)fst01212130</subfield></datafield><datafield ind1=" " ind2="7" tag="655"><subfield code="a">Newspapers.</subfield><subfield code="2">fast</subfield><subfield code="0">(OCoLC)fst01423814</subfield></datafield><datafield ind1=" " ind2=" " tag="752"><subfield code="a">United States</subfield><subfield code="b">Minnesota</subfield><subfield code="c">Ramsey</subfield><subfield code="d">Saint Paul.</subfield></datafield><datafield ind1="0" ind2=" " tag="775"><subfield code="t">Weekly Minnesotian and times</subfield><subfield code="w">(DLC)sn 90059501</subfield><subfield code="w">(OCoLC)21616605</subfield></datafield><datafield ind1="0" ind2="0" tag="780"><subfield code="t">Minnesotian and times</subfield><subfield code="w">(DLC)sn 90059505</subfield><subfield code="w">(OCoLC)21616578</subfield></datafield><datafield ind1="0" ind2="6" tag="785"><subfield code="t">Daily Minnesotian (Saint Paul, Minn. : 1860)</subfield><subfield code="w">(DLC)sn 90059506</subfield><subfield code="w">(OCoLC)21616589</subfield></datafield><datafield ind1="0" ind2="6" tag="785"><subfield code="t">Daily times (Saint Paul, Minn.)</subfield><subfield code="w">(DLC)sn 90059507</subfield><subfield code="w">(OCoLC)1641761</subfield></datafield></record>